% Generated by Paperpile. Check out http://paperpile.com for more information.
% BibTeX export options can be customized via Settings -> BibTeX.

@MISC{Docker_undated-hb,
  title        = "Docker: Build, Ship, Run An open platform for distributed
                  applications for developers and sysadmins",
  booktitle    = "Docker",
  author       = "{Docker}",
  abstract     = "Docker is an open platform for developers and sysadmins to
                  build, ship, and run distributed applications, whether on
                  laptops, data center VMs, or the cloud.",
  url          = "https://www.docker.com/",
  howpublished = "\url{https://www.docker.com/}",
  note         = "Accessed: 2015-8-8"
}

@MISC{W3c2014-ry,
  title  = "Data Catalog Vocabulary ({DCAT})",
  author = "{W3C}",
  year   =  2014,
  url    = "http://www.w3.org/TR/vocab-dcat/"
}

% The entry below contains non-ASCII chars that could not be converted
% to a LaTeX equivalent.
@MISC{Wellington_undated-ws,
  title        = "Why Open Data is Still Too Closed - My {TEDxNewYork} Talk",
  author       = "Wellington, Ben",
  abstract     = "Why Open Data is Still Too Closed - My TEDxNewYork Talk -
                  Through I Quant NY, I’ve worked to tell the hidden data
                  stories about the way New York City runs, and the way we
                  experience it. But along the...",
  url          = "http://iquantny.tumblr.com/post/108236949969/why-open-data-is-still-too-closed-my-tedxnewyork",
  howpublished = "\url{http://iquantny.tumblr.com/post/108236949969/why-open-data-is-still-too-closed-my-tedxnewyork}",
  note         = "Accessed: 2015-8-8"
}

% The entry below contains non-ASCII chars that could not be converted
% to a LaTeX equivalent.
@MISC{Headd2015-cr,
  title        = "{I} Hate Open Data Portals",
  booktitle    = "Civic Innovations: The Future is Open",
  author       = "Headd, Mark",
  abstract     = "Well, not really - But I do dislike certain things about most
                  open data portals. Even the ones that I work with every day
                  or that I have been involved with in the past. Don't get me
                  wrong - I'm a true believer in the power of open data. I love
                  that every day there…",
  month        =  "1~" # apr,
  year         =  2015,
  url          = "http://civic.io/2015/04/01/i-hate-open-data-portals/",
  howpublished = "\url{http://civic.io/2015/04/01/i-hate-open-data-portals/}",
  note         = "Accessed: 2015-4-3"
}

@ARTICLE{Howard2014-aq,
  title   = "More than economics: The social impact of open data",
  author  = "Howard, Alex",
  journal = "Tech Republic",
  month   =  "31~" # jul,
  year    =  2014,
  url     = "http://www.techrepublic.com/article/more-than-economics-the-social-impact-of-open-data/"
}

@ARTICLE{Sahuguet2014-px,
  title    = "Open Civic Data: of the people, by the people, for the people",
  author   = "Sahuguet, Arnaud and Daniel, Luis and Krauss, John and Sangokoya,
              David",
  journal  = "Data Engineering Bulletin",
  month    =  dec,
  year     =  2014,
  url      = "http://sites.computer.org/debull/A14dec/issue1.htm",
  keywords = "data donation"
}

@BOOK{Manyika2013-ny,
  title     = "Open data: Unlocking innovation and performance with liquid
               information",
  author    = "Manyika, James",
  publisher = "McKinsey",
  year      =  2013
}

% The entry below contains non-ASCII chars that could not be converted
% to a LaTeX equivalent.
@INPROCEEDINGS{Helland2015-xq,
  title     = "Immutability Changes Everything",
  booktitle = "7th Biennial Conference on Innovative Data Systems Research
               ({CIDR} ’15)",
  author    = "Helland, Pat",
  year      =  2015,
  url       = "http://www.cidrdb.org/cidr2015/Papers/CIDR15_Paper16.pdf"
}

@ARTICLE{Zuiderwijk2014-mi,
  title     = "Special Issue on Innovation through Open Data: Guest Editors'
               Introduction",
  author    = "Zuiderwijk, Anneke and Helbig, Natalie and Gil-Garc\'{\i}a, J
               Ram\'{o}n and Janssen, Marijn",
  journal   = "Journal of theoretical and applied electronic commerce research",
  publisher = "Universidad de Talca",
  volume    =  9,
  number    =  2,
  pages     = "i--xiii",
  year      =  2014,
  url       = "http://www.scielo.cl/scielo.php?pid=S0718-18762014000200001&script=sci_arttext&tlng=e"
}

@MISC{New_York_City_Department_of_Finance_undated-jm,
  title        = "Automated City Register Information System ({ACRIS})",
  author       = "{New York City Department of Finance}",
  url          = "http://a836-acris.nyc.gov/CP/",
  howpublished = "\url{http://a836-acris.nyc.gov/CP/}",
  note         = "Accessed: 2015-8-8"
}

@MISC{noauthor_2013-je,
  title        = "{PC-Axis} file format",
  booktitle    = "Statistiska Centralbyr\aa{}n",
  abstract     = "Information about PC-Axis file format",
  month        =  "27~" # dec,
  year         =  2013,
  url          = "http://www.scb.se/pc-axis_file-format/",
  howpublished = "\url{http://www.scb.se/pc-axis_file-format/}",
  note         = "Accessed: 2015-7-28"
}

@INPROCEEDINGS{Dietrich2009-rx,
  title     = "{CKAN}: apt-get for the debian of data",
  booktitle = "26th Chaos Communication Congress, Berlin, Germany, 27--30
               December 2009",
  author    = "Dietrich, Daniel and Pollock, Rufus",
  pages     = "36",
  year      =  2009
}

@MISC{Dietrich2009-ol,
  title        = "Open data handbook",
  author       = "Dietrich, Daniel and Gray, J and McNamara, T and Poikola, A
                  and Pollock, P and Tait, J and Zijlstra, T",
  year         =  2009,
  url          = "http://opendatahandbook. org",
  howpublished = "\url{http://opendatahandbook. org}"
}

@MISC{Socrata_undated-su,
  title        = "Socrata Open Data Solutions for Data Transparency",
  booktitle    = "Socrata",
  author       = "{Socrata}",
  abstract     = "Socrata is for governments trying to reduce costs, citizens
                  wanting to know how their tax dollars are used, and civic
                  hackers creating new apps and improving services.",
  url          = "http://www.socrata.com/",
  howpublished = "\url{http://www.socrata.com/}",
  note         = "Accessed: 2015-8-8"
}

@MISC{Headd2013-oa,
  title        = "sqlite {DBs} as part of data releases",
  booktitle    = "Twitter",
  author       = "Headd, Mark",
  abstract     = "``@maxogden @thomaslevine We've included sqlite DBs as part
                  of data releases on GitHub. https://t.co/Aw9Q6DfjAv \&
                  https://t.co/0zOCpU1XKp''",
  month        =  dec,
  year         =  2013,
  url          = "https://twitter.com/mheadd/status/408395756744491008",
  howpublished = "\url{https://twitter.com/mheadd/status/408395756744491008}",
  note         = "Accessed: 2015-8-9"
}





